<collection xmlns="http://www.loc.gov/MARC21/slim">
<record>
  <leader>00319na 0a22001091i 450 </leader>
  <controlfield tag="001">IT\ICCU\CNCE\048783</controlfield>
  <controlfield tag="005">19990715000000.0</controlfield>
  <datafield tag="100" ind1=" " ind2=" ">
    <subfield code="a">19990715             0itac0103    ba</subfield>
  </datafield>
  <datafield tag="101" ind1=" " ind2=" ">
    <subfield code="a">LAT</subfield>
  </datafield>
  <datafield tag="200" ind1="1" ind2=" ">
    <subfield code="a">Decreta et acta Concilii Basiliensis</subfield>
  </datafield>
  <datafield tag="710" ind1="1" ind2="2">
    <subfield code="a">Concilio di Basilea</subfield>
    <subfield code="c"> &lt;1431-1449&gt;</subfield>
    <subfield code="3">IT\ICCU\CNCA\015410</subfield>
  </datafield>
  <datafield tag="801" ind1=" " ind2="3">
    <subfield code="a">IT</subfield>
    <subfield code="b">ICCU</subfield>
    <subfield code="c">20201115</subfield>
  </datafield>
</record>
</collection>
